%BACKGROUND
@article{mandel2002analytic,
  title={Analytic light curves for planetary transit searches},
  author={Mandel, Kaisey and Agol, Eric},
  journal={The Astrophysical Journal Letters},
  volume={580},
  number={2},
  pages={L171},
  year={2002},
  publisher={IOP Publishing}
}

@article{akeson2013nasa,
  title={The NASA exoplanet archive: data and tools for exoplanet research},
  author={Akeson, RL and Chen, X and Ciardi, D and Crane, M and Good, J and Harbut, M and Jackson, E and Kane, SR and Laity, AC and Leifer, S and others},
  journal={Publications of the Astronomical Society of the Pacific},
  volume={125},
  number={930},
  pages={989},
  year={2013},
  publisher={IOP Publishing}
}
@misc{mayor1995jupiter,
  title={A Jupiter-mass companion to a solar-type star},
  author={Mayor, Michel and Queloz, Didier},
  year={1995}
}

%STATE OF THE ART
@article{naul2018recurrent,
  title={A recurrent neural network for classification of unevenly sampled variable stars},
  author={Naul, Brett and Bloom, Joshua S and P{\'e}rez, Fernando and van der Walt, St{\'e}fan},
  journal={Nature Astronomy},
  volume={2},
  number={2},
  pages={151--155},
  year={2018},
  publisher={Nature Publishing Group}
}

@article{shallue2018identifying,
  title={Identifying exoplanets with deep learning: A five-planet resonant chain around kepler-80 and an eighth planet around kepler-90},
  author={Shallue, Christopher J and Vanderburg, Andrew},
  journal={The Astronomical Journal},
  volume={155},
  number={2},
  pages={94},
  year={2018},
  publisher={IOP Publishing}
}

@article{kingma2013auto,
  title={Auto-encoding variational bayes},
  author={Kingma, Diederik P and Welling, Max},
  journal={arXiv preprint arXiv:1312.6114},
  year={2013}
}

@article{richards2011machine,
  title={On machine-learned classification of variable stars with sparse and noisy time-series data},
  author={Richards, Joseph W and Starr, Dan L and Butler, Nathaniel R and Bloom, Joshua S and Brewer, John M and Crellin-Quick, Arien and Higgins, Justin and Kennedy, Rachel and Rischard, Maxime},
  journal={The Astrophysical Journal},
  volume={733},
  number={1},
  pages={10},
  year={2011},
  publisher={IOP Publishing}
}

@inproceedings{donalek2013feature,
  title={Feature selection strategies for classifying high dimensional astronomical data sets},
  author={Donalek, Ciro and Djorgovski, S George and Mahabal, Ashish A and Graham, Matthew J and Drake, Andrew J and Fuchs, Thomas J and Turmon, Michael J and Kumar, A Arun and Philip, N Sajeeth and Yang, Michael Ting-Chang and others},
  booktitle={Big Data, 2013 IEEE International Conference on},
  pages={35--41},
  year={2013},
  organization={IEEE}
}

@inproceedings{mahabal2017deep,
  title={Deep-learnt classification of light curves},
  author={Mahabal, Ashish and Sheth, Kshiteej and Gieseke, Fabian and Pai, Akshay and Djorgovski, S George and Drake, Andrew J and Graham, Matthew J},
  booktitle={2017 IEEE Symposium Series on Computational Intelligence (SSCI)},
  pages={1--8},
  year={2017},
  organization={IEEE}
}


@article{lomb1976least,
  title={Least-squares frequency analysis of unequally spaced data},
  author={Lomb, Nicholas R},
  journal={Astrophysics and space science},
  volume={39},
  number={2},
  pages={447--462},
  year={1976},
  publisher={Springer}
}

@article{nun2014supervised,
  title={Supervised detection of anomalous light curves in massive astronomical catalogs},
  author={Nun, Isadora and Pichara, Karim and Protopapas, Pavlos and Kim, Dae-Won},
  journal={The Astrophysical Journal},
  volume={793},
  number={1},
  pages={23},
  year={2014},
  publisher={IOP Publishing}
}


@article{thompson2015machine,
  title={A Machine Learning Technique to Identify Transit Shaped Signals},
  author={Thompson, Susan E and Mullally, Fergal and Coughlin, Jeff and Christiansen, Jessie L and Henze, Christopher E and Haas, Michael R and Burke, Christopher J},
  journal={The Astrophysical Journal},
  volume={812},
  number={1},
  pages={46},
  year={2015},
  publisher={IOP Publishing}
}
@article{mccauliff2015automatic,
  title={Automatic classification of Kepler planetary transit candidates},
  author={McCauliff, Sean D and Jenkins, Jon M and Catanzarite, Joseph and Burke, Christopher J and Coughlin, Jeffrey L and Twicken, Joseph D and Tenenbaum, Peter and Seader, Shawn and Li, Jie and Cote, Miles},
  journal={The Astrophysical Journal},
  volume={806},
  number={1},
  pages={6},
  year={2015},
  publisher={IOP Publishing}
}

@article{mackenzie2016clustering,
  title={Clustering-based feature learning on variable stars},
  author={Mackenzie, Crist{\'o}bal and Pichara, Karim and Protopapas, Pavlos},
  journal={The Astrophysical Journal},
  volume={820},
  number={2},
  pages={138},
  year={2016},
  publisher={IOP Publishing}
}
@article{Frey2007affinityPropagation,
title	= {Clustering by Passing Messages Between Data Points},
author	= {Frey, B. J. and Dueck, D.},
journal	= {Science},
year	= {2007},
month	= {02},
day	= {16},
volume	= {315},
issue	= {5814},
page	= {972--976},
}


@article{armstrong2016transit,
  title={Transit shapes and self organising maps as a tool for ranking planetary candidates: Application to kepler and k2},
  author={Armstrong, David J and Pollacco, Don and Santerne, Alexandre},
  journal={Monthly Notices of the Royal Astronomical Society},
  pages={stw2881},
  year={2016},
  publisher={Oxford University Press}
}

@article{pearson2018searching,
  title={Searching for exoplanets using artificial intelligence},
  author={Pearson, Kyle A and Palafox, Leon and Griffith, Caitlin A},
  journal={Monthly Notices of the Royal Astronomical Society},
  volume={474},
  number={1},
  pages={478--491},
  year={2018},
  publisher={Oxford University Press}
}


@article{schanche2019machine,
  title={Machine-learning approaches to exoplanet transit detection and candidate validation in wide-field ground-based surveys},
  author={Schanche, N and Cameron, A Collier and H{\'e}brard, G and Nielsen, L and Triaud, AHMJ and Almenara, JM and Alsubai, KA and Anderson, DR and Armstrong, DJ and Barros, SCC and others},
  journal={Monthly Notices of the Royal Astronomical Society},
  volume={483},
  number={4},
  pages={5534--5547},
  year={2019},
  publisher={Oxford University Press}
}

@article{aguirre2019deep,
  title={Deep multi-survey classification of variable stars},
  author={Aguirre, Carlos and Pichara, Karim and Becker, Ignacio},
  journal={Monthly Notices of the Royal Astronomical Society},
  volume={482},
  number={4},
  pages={5078--5092},
  year={2019},
  publisher={Oxford University Press}
}


@article{fabius2014variational,
  title={Variational recurrent auto-encoders},
  author={Fabius, Otto and van Amersfoort, Joost R},
  journal={arXiv preprint arXiv:1412.6581},
  year={2014}
}


@inproceedings{woodward2019generating,
  title={Generating Transit Light Curves with Variational Autoencoders},
  author={Woodward, Douglas and Stevens, Elizabeth and Linstead, Erik},
  booktitle={2019 IEEE International Conference on Space Mission Challenges for Information Technology (SMC-IT)},
  pages={24--32},
  year={2019},
  organization={IEEE}
}

@article{tsang2019deep,
  title={Deep Neural Network Classifier for Variable Stars with Novelty Detection Capability},
  author={Tsang, Benny T-H and Schultz, William C},
  journal={The Astrophysical Journal Letters},
  volume={877},
  number={2},
  pages={L14},
  year={2019},
  publisher={IOP Publishing}
}

@article{che2018recurrent,
  title={Recurrent neural networks for multivariate time series with missing values},
  author={Che, Zhengping and Purushotham, Sanjay and Cho, Kyunghyun and Sontag, David and Liu, Yan},
  journal={Scientific reports},
  volume={8},
  number={1},
  pages={1--12},
  year={2018},
  publisher={Nature Publishing Group}
}

@article{park2018multimodal,
  title={A multimodal anomaly detector for robot-assisted feeding using an lstm-based variational autoencoder},
  author={Park, Daehyung and Hoshi, Yuuna and Kemp, Charles C},
  journal={IEEE Robotics and Automation Letters},
  volume={3},
  number={3},
  pages={1544--1551},
  year={2018},
  publisher={IEEE}
}

@inproceedings{guo2018multidimensional,
  title={Multidimensional time series anomaly detection: A gru-based gaussian mixture variational autoencoder approach},
  author={Guo, Yifan and Liao, Weixian and Wang, Qianlong and Yu, Lixing and Ji, Tianxi and Li, Pan},
  booktitle={Asian Conference on Machine Learning},
  pages={97--112},
  year={2018}
}
@inproceedings{xu2018unsupervised,
  title={Unsupervised anomaly detection via variational auto-encoder for seasonal kpis in web applications},
  author={Xu, Haowen and Chen, Wenxiao and Zhao, Nengwen and Li, Zeyan and Bu, Jiahao and Li, Zhihan and Liu, Ying and Zhao, Youjian and Pei, Dan and Feng, Yang and others},
  booktitle={Proceedings of the 2018 World Wide Web Conference},
  pages={187--196},
  year={2018}
}

@article{lipton2015critical,
  title={A critical review of recurrent neural networks for sequence learning},
  author={Lipton, Zachary C and Berkowitz, John and Elkan, Charles},
  journal={arXiv preprint arXiv:1506.00019},
  year={2015}
}

@article{werbos1990backpropagation,
  title={Backpropagation through time: what it does and how to do it},
  author={Werbos, Paul J},
  journal={Proceedings of the IEEE},
  volume={78},
  number={10},
  pages={1550--1560},
  year={1990},
  publisher={IEEE}
}

@article{hochreiter1997long,
  title={Long short-term memory},
  author={Hochreiter, Sepp and Schmidhuber, J{\"u}rgen},
  journal={Neural computation},
  volume={9},
  number={8},
  pages={1735--1780},
  year={1997},
  publisher={MIT Press}
}

@article{cho2014properties,
  title={On the properties of neural machine translation: Encoder-decoder approaches},
  author={Cho, Kyunghyun and Van Merri{\"e}nboer, Bart and Bahdanau, Dzmitry and Bengio, Yoshua},
  journal={arXiv preprint arXiv:1409.1259},
  year={2014}
}

@article{chung2014empirical,
  title={Empirical evaluation of gated recurrent neural networks on sequence modeling},
  author={Chung, Junyoung and Gulcehre, Caglar and Cho, KyungHyun and Bengio, Yoshua},
  journal={arXiv preprint arXiv:1412.3555},
  year={2014}
}

@inproceedings{krizhevsky2012imagenet,
  title={Imagenet classification with deep convolutional neural networks},
  author={Krizhevsky, Alex and Sutskever, Ilya and Hinton, Geoffrey E},
  booktitle={Advances in neural information processing systems},
  pages={1097--1105},
  year={2012}
}
@article{vincent2010stacked,
  title={Stacked denoising autoencoders: Learning useful representations in a deep network with a local denoising criterion},
  author={Vincent, Pascal and Larochelle, Hugo and Lajoie, Isabelle and Bengio, Yoshua and Manzagol, Pierre-Antoine},
  journal={Journal of machine learning research},
  volume={11},
  number={Dec},
  pages={3371--3408},
  year={2010}
}

@article{surveyDL2017,
title	= {A survey of deep neural network architectures and their applications},
author	= {Liu, Weibo and Wang, Zidong and Liu, Xiaohui and Zeng, Nianyin and Liu, Yurong and Alsaadi, Fuad E.},
publisher	= {Elsevier Science},
journal	= {Neurocomputing},
issnp	= {0925-2312},
year	= {2017},
month	= {04},
volume	= {234},
page	= {11--26}
}


%PROPUESTA:

@book{montavon2012neural,
  title={Neural networks: tricks of the trade},
  author={Montavon, Gr{\'e}goire and Orr, Genevi{\`e}ve and M{\"u}ller, Klaus-Robert},
  volume={7700},
  year={2012},
  publisher={springer}
}

@article{ioffe2015batch,
  title={Batch normalization: Accelerating deep network training by reducing internal covariate shift},
  author={Ioffe, Sergey and Szegedy, Christian},
  journal={arXiv preprint arXiv:1502.03167},
  year={2015}
}

@book{bishop1995neural,
  title={Neural networks for pattern recognition},
  author={Bishop, Christopher M and others},
  year={1995},
  publisher={Oxford university press}
}

@article{higgins2017beta,
  title={beta-VAE: Learning Basic Visual Concepts with a Constrained Variational Framework.},
  author={Higgins, Irina and Matthey, Loic and Pal, Arka and Burgess, Christopher and Glorot, Xavier and Botvinick, Matthew and Mohamed, Shakir and Lerchner, Alexander},
  journal={Iclr},
  volume={2},
  number={5},
  pages={6},
  year={2017}
}


%%%%% REsultados %%%%% 
@article{ross2014mutual,
  title={Mutual information between discrete and continuous data sets},
  author={Ross, Brian C},
  journal={PloS one},
  volume={9},
  number={2},
  year={2014},
  publisher={Public Library of Science}
}
@article{chandrakar2013survey,
  title={A survey of noise removal techniques for ECG signals},
  author={Chandrakar, Bhumika and Yadav, OP and Chandra, VK},
  journal={International Journal of Advanced Research in Computer and Communication Engineering},
  volume={2},
  number={3},
  pages={1354--1357},
  year={2013}
}

@inproceedings{solar2015chilean,
  title={Chilean virtual observatory},
  author={Solar, Mauricio and Araya, Mauricio and Ar{\'e}valo, Luis and Parada, Victor and Contreras, Ricardo and Mardones, Diego},
  booktitle={2015 Latin American Computing Conference (CLEI)},
  pages={1--7},
  year={2015},
  organization={IEEE}
}

@inproceedings{bugueno2018refining,
  title={Refining exoplanet detection using supervised learning and feature engineering},
  author={Bugueno, Margarita and Mena, Francisco and Araya, Mauricio},
  booktitle={2018 XLIV Latin American Computer Conference (CLEI)},
  pages={278--287},
  year={2018},
  organization={IEEE}
}
@article{moutou2005compar,
title	= {Comparative blind test of five planetary transit detection algorithms on realistic synthetic light curves},
author	= {Moutou, C. and Pont, F. and Barge, P. and Aigrain, S. and Auvergne, M. and Blouin, D. and Cautain, R.and Erikson, A. R. and Guis, V. and Guterman, P. and Irwin, M. and Lanza, A. F. and Queloz, D. and Rauer, H. and Voss, H. and Zucker, S.},
publisher	= {EDP Sciences},
journal	= {Astronomy and Astrophysics},
year	= {2005},
month	= {07},
volume	= {437},
issue	= {1},
page	= {355--368},
}


@article{inouye1991quantification,
  title={Quantification of EEG irregularity by use of the entropy of the power spectrum},
  author={Inouye, Tsuyoshi and Shinosaki, Kazuhiro and Sakamoto, H and Toi, Seigo and Ukai, Satoshi and Iyama, Akinori and Katsuda, Y and Hirano, M},
  journal={Electroencephalography and clinical neurophysiology},
  volume={79},
  number={3},
  pages={204--210},
  year={1991},
  publisher={Elsevier}
}

@article{fanelli2011kepler,
  title={Kepler Data Processing Handbook (KSCI-19081-001)},
  author={Fanelli, MN and others},
  journal={Kepler Project Office, NASA/Ames Research Center, Moffett Field, California},
  year={2011}
}
@article{savitzky1964smoothing,
  title={Smoothing and differentiation of data by simplified least squares procedures.},
  author={Savitzky, Abraham and Golay, Marcel JE},
  journal={Analytical chemistry},
  volume={36},
  number={8},
  pages={1627--1639},
  year={1964},
  publisher={ACS Publications}
}


@inproceedings{freund1995desicion,
  title={A desicion-theoretic generalization of on-line learning and an application to boosting},
  author={Freund, Yoav and Schapire, Robert E},
  booktitle={European conference on computational learning theory},
  pages={23--37},
  year={1995},
  organization={Springer}
}

@misc{tiensuu2019detecting,
  title={Detecting exoplanets with machine learning: A comparative study between convolutional neural networks and support vector machines},
  author={Tiensuu, Jacob and Linderholm, Maja and Dreborg, Sofia and {\"O}rn, Fredrik},
  year={2019}
}
