%BACKGROUND
@article{mandel2002analytic,
  title={Analytic light curves for planetary transit searches},
  author={Mandel, Kaisey and Agol, Eric},
  journal={The Astrophysical Journal Letters},
  volume={580},
  number={2},
  pages={L171},
  year={2002},
  publisher={IOP Publishing}
}
@article{kim2016package,
  title={A package for the automated classification of periodic variable stars},
  author={Kim, Dae-Won and Bailer-Jones, Coryn AL},
  journal={Astronomy \& Astrophysics},
  volume={587},
  pages={A18},
  year={2016},
  publisher={EDP Sciences}
}

@inproceedings{wang2015imaging,
  title={Imaging time-series to improve classification and imputation},
  author={Wang, Zhiguang and Oates, Tim},
  booktitle={Twenty-Fourth International Joint Conference on Artificial Intelligence},
  year={2015}
}

@inproceedings{wang2015encoding,
  title={Encoding time series as images for visual inspection and classification using tiled convolutional neural networks},
  author={Wang, Zhiguang and Oates, Tim},
  booktitle={Workshops at the Twenty-Ninth AAAI Conference on Artificial Intelligence},
  year={2015}
}

@article{akeson2013nasa,
  title={The NASA exoplanet archive: data and tools for exoplanet research},
  author={Akeson, RL and Chen, X and Ciardi, D and Crane, M and Good, J and Harbut, M and Jackson, E and Kane, SR and Laity, AC and Leifer, S and others},
  journal={Publications of the Astronomical Society of the Pacific},
  volume={125},
  number={930},
  pages={989},
  year={2013},
  publisher={IOP Publishing}
}
@misc{mayor1995jupiter,
  title={A Jupiter-mass companion to a solar-type star},
  author={Mayor, Michel and Queloz, Didier},
  year={1995}
}

%State of the ART
@article{shallue2018identifying,
  title={Identifying exoplanets with deep learning: A five-planet resonant chain around kepler-80 and an eighth planet around kepler-90},
  author={Shallue, Christopher J and Vanderburg, Andrew},
  journal={The Astronomical Journal},
  volume={155},
  number={2},
  pages={94},
  year={2018},
  publisher={IOP Publishing}
}
@article{richards2011machine,
  title={On machine-learned classification of variable stars with sparse and noisy time-series data},
  author={Richards, Joseph W and Starr, Dan L and Butler, Nathaniel R and Bloom, Joshua S and Brewer, John M and Crellin-Quick, Arien and Higgins, Justin and Kennedy, Rachel and Rischard, Maxime},
  journal={The Astrophysical Journal},
  volume={733},
  number={1},
  pages={10},
  year={2011},
  publisher={IOP Publishing}
}
@inproceedings{donalek2013feature,
  title={Feature selection strategies for classifying high dimensional astronomical data sets},
  author={Donalek, Ciro and Djorgovski, S George and Mahabal, Ashish A and Graham, Matthew J and Drake, Andrew J and Fuchs, Thomas J and Turmon, Michael J and Kumar, A Arun and Philip, N Sajeeth and Yang, Michael Ting-Chang and others},
  booktitle={Big Data, 2013 IEEE International Conference on},
  pages={35--41},
  year={2013},
  organization={IEEE}
}
@article{lomb1976least,
  title={Least-squares frequency analysis of unequally spaced data},
  author={Lomb, Nicholas R},
  journal={Astrophysics and space science},
  volume={39},
  number={2},
  pages={447--462},
  year={1976},
  publisher={Springer}
}
@article{thompson2015machine,
  title={A Machine Learning Technique to Identify Transit Shaped Signals},
  author={Thompson, Susan E and Mullally, Fergal and Coughlin, Jeff and Christiansen, Jessie L and Henze, Christopher E and Haas, Michael R and Burke, Christopher J},
  journal={The Astrophysical Journal},
  volume={812},
  number={1},
  pages={46},
  year={2015},
  publisher={IOP Publishing}
}
@article{mccauliff2015automatic,
  title={Automatic classification of Kepler planetary transit candidates},
  author={McCauliff, Sean D and Jenkins, Jon M and Catanzarite, Joseph and Burke, Christopher J and Coughlin, Jeffrey L and Twicken, Joseph D and Tenenbaum, Peter and Seader, Shawn and Li, Jie and Cote, Miles},
  journal={The Astrophysical Journal},
  volume={806},
  number={1},
  pages={6},
  year={2015},
  publisher={IOP Publishing}
}
@article{armstrong2016transit,
  title={Transit shapes and self organising maps as a tool for ranking planetary candidates: Application to kepler and k2},
  author={Armstrong, David J and Pollacco, Don and Santerne, Alexandre},
  journal={Monthly Notices of the Royal Astronomical Society},
  pages={stw2881},
  year={2016},
  publisher={Oxford University Press}
}
@article{pearson2018searching,
  title={Searching for exoplanets using artificial intelligence},
  author={Pearson, Kyle A and Palafox, Leon and Griffith, Caitlin A},
  journal={Monthly Notices of the Royal Astronomical Society},
  volume={474},
  number={1},
  pages={478--491},
  year={2018},
  publisher={Oxford University Press}
}
@article{schanche2019machine,
  title={Machine-learning approaches to exoplanet transit detection and candidate validation in wide-field ground-based surveys},
  author={Schanche, N and Cameron, A Collier and H{\'e}brard, G and Nielsen, L and Triaud, AHMJ and Almenara, JM and Alsubai, KA and Anderson, DR and Armstrong, DJ and Barros, SCC and others},
  journal={Monthly Notices of the Royal Astronomical Society},
  volume={483},
  number={4},
  pages={5534--5547},
  year={2019},
  publisher={Oxford University Press}
}
@article{aguirre2019deep,
  title={Deep multi-survey classification of variable stars},
  author={Aguirre, Carlos and Pichara, Karim and Becker, Ignacio},
  journal={Monthly Notices of the Royal Astronomical Society},
  volume={482},
  number={4},
  pages={5078--5092},
  year={2019},
  publisher={Oxford University Press}
}
@article{hinners2017machine,
  title={Machine Learning Techniques for Stellar Light Curve Classification},
  author={Hinners, Trisha A and Tat, Kevin and Thorp, Rachel},
  journal={The Astronomical Journal},
  volume={156},
  number={1},
  pages={7},
  year={2018},
  publisher={IOP Publishing}
}
@inproceedings{bugueno2018refining,
  title={Refining exoplanet detection using supervised learning and feature engineering},
  author={Bugueno, Margarita and Mena, Francisco and Araya, Mauricio},
  booktitle={2018 XLIV Latin American Computer Conference (CLEI)},
  pages={278--287},
  year={2018},
  organization={IEEE}
}
@article{gamboa2017deep,
  title={Deep learning for time-series analysis},
  author={Gamboa, John Cristian Borges},
  journal={arXiv preprint arXiv:1701.01887},
  year={2017}
}

@article{cooley1969fast,
  title={The fast Fourier transform and its applications},
  author={Cooley, James W and Lewis, Peter AW and Welch, Peter D},
  journal={IEEE Transactions on Education},
  volume={12},
  number={1},
  pages={27--34},
  year={1969},
  publisher={IEEE}
}
@article{zheng2001comparison,
  title={Comparison of different implementations of MFCC},
  author={Zheng, Fang and Zhang, Guoliang and Song, Zhanjiang},
  journal={Journal of Computer science and Technology},
  volume={16},
  number={6},
  pages={582--589},
  year={2001},
  publisher={Springer}
}
@article{cabral2018fats,
  title={From FATS to feets: Further improvements to an astronomical feature extraction tool based on machine learning},
  author={Cabral, Juan Bautista and S{\'a}nchez, Bruno and Ramos, F and Gurovich, Sebastian and Granitto, Pablo Miguel and Vanderplas, J},
  journal={Astronomy and computing},
  volume={25},
  pages={213--220},
  year={2018},
  publisher={Elsevier}
}


@article{lipton2015critical,
  title={A critical review of recurrent neural networks for sequence learning},
  author={Lipton, Zachary C and Berkowitz, John and Elkan, Charles},
  journal={arXiv preprint arXiv:1506.00019},
  year={2015}
}

@article{werbos1990backpropagation,
  title={Backpropagation through time: what it does and how to do it},
  author={Werbos, Paul J},
  journal={Proceedings of the IEEE},
  volume={78},
  number={10},
  pages={1550--1560},
  year={1990},
  publisher={IEEE}
}

@article{hochreiter1997long,
  title={Long short-term memory},
  author={Hochreiter, Sepp and Schmidhuber, J{\"u}rgen},
  journal={Neural computation},
  volume={9},
  number={8},
  pages={1735--1780},
  year={1997},
  publisher={MIT Press}
}

@article{cho2014properties,
  title={On the properties of neural machine translation: Encoder-decoder approaches},
  author={Cho, Kyunghyun and Van Merri{\"e}nboer, Bart and Bahdanau, Dzmitry and Bengio, Yoshua},
  journal={arXiv preprint arXiv:1409.1259},
  year={2014}
}

@inproceedings{krizhevsky2012imagenet,
  title={Imagenet classification with deep convolutional neural networks},
  author={Krizhevsky, Alex and Sutskever, Ilya and Hinton, Geoffrey E},
  booktitle={Advances in neural information processing systems},
  pages={1097--1105},
  year={2012}
}


%WHY NOT RNN??

@inproceedings{li2018independently,
  title={Independently recurrent neural network (indrnn): Building a longer and deeper rnn},
  author={Li, Shuai and Li, Wanqing and Cook, Chris and Zhu, Ce and Gao, Yanbo},
  booktitle={Proceedings of the IEEE conference on computer vision and pattern recognition},
  pages={5457--5466},
  year={2018}
}

@article{oord2016wavenet,
  title={Wavenet: A generative model for raw audio},
  author={Oord, Aaron van den and Dieleman, Sander and Zen, Heiga and Simonyan, Karen and Vinyals, Oriol and Graves, Alex and Kalchbrenner, Nal and Senior, Andrew and Kavukcuoglu, Koray},
  journal={arXiv preprint arXiv:1609.03499},
  year={2016}
}

@article{wu2017convolutional,
  title={Convolutional recurrent neural networks forhyperspectral data classification},
  author={Wu, Hao and Prasad, Saurabh},
  journal={Remote Sensing},
  volume={9},
  number={3},
  pages={298},
  year={2017},
  publisher={Multidisciplinary Digital Publishing Institute}
}

@inproceedings{lin2015hierarchical,
  title={Hierarchical recurrent neural network for document modeling},
  author={Lin, Rui and Liu, Shujie and Yang, Muyun and Li, Mu and Zhou, Ming and Li, Sheng},
  booktitle={Proceedings of the 2015 Conference on Empirical Methods in Natural Language Processing},
  pages={899--907},
  year={2015}
}


@inproceedings{solar2015chilean,
  title={Chilean virtual observatory},
  author={Solar, Mauricio and Araya, Mauricio and Ar{\'e}valo, Luis and Parada, Victor and Contreras, Ricardo and Mardones, Diego},
  booktitle={2015 Latin American Computing Conference (CLEI)},
  pages={1--7},
  year={2015},
  organization={IEEE}
}

@article{fanelli2011kepler,
  title={Kepler Data Processing Handbook (KSCI-19081-001)},
  author={Fanelli, MN and others},
  journal={Kepler Project Office, NASA/Ames Research Center, Moffett Field, California},
  year={2011}
}

@article{savitzky1964smoothing,
  title={Smoothing and differentiation of data by simplified least squares procedures.},
  author={Savitzky, Abraham and Golay, Marcel JE},
  journal={Analytical chemistry},
  volume={36},
  number={8},
  pages={1627--1639},
  year={1964},
  publisher={ACS Publications}
}

@misc{tiensuu2019detecting,
  title={Detecting exoplanets with machine learning: A comparative study between convolutional neural networks and support vector machines},
  author={Tiensuu, Jacob and Linderholm, Maja and Dreborg, Sofia and {\"O}rn, Fredrik},
  year={2019}
}

@inproceedings{hatami2018classification,
  title={Classification of time-series images using deep convolutional neural networks},
  author={Hatami, Nima and Gavet, Yann and Debayle, Johan},
  booktitle={Tenth International Conference on Machine Vision (ICMV 2017)},
  volume={10696},
  pages={106960Y},
  year={2018},
  organization={International Society for Optics and Photonics}
}


@inproceedings{mahabal2017deep,
  title={Deep-learnt classification of light curves},
  author={Mahabal, Ashish and Sheth, Kshiteej and Gieseke, Fabian and Pai, Akshay and Djorgovski, S George and Drake, Andrew J and Graham, Matthew J},
  booktitle={2017 IEEE Symposium Series on Computational Intelligence (SSCI)},
  pages={1--8},
  year={2017},
  organization={IEEE}
}
@article{yang2020sensor,
  title={Sensor Classification Using Convolutional Neural Network by Encoding Multivariate Time Series as Two-Dimensional Colored Images},
  author={Yang, Chao-Lung and Chen, Zhi-Xuan and Yang, Chen-Yi},
  journal={Sensors},
  volume={20},
  number={1},
  pages={168},
  year={2020},
  publisher={Multidisciplinary Digital Publishing Institute}
}

@article{simonyan2014very,
  title={Very deep convolutional networks for large-scale image recognition},
  author={Simonyan, Karen and Zisserman, Andrew},
  journal={arXiv preprint arXiv:1409.1556},
  year={2014}
}
@article{ansdell2018scientific,
  title={Scientific Domain Knowledge Improves Exoplanet Transit Classification with Deep Learning},
  author={Ansdell, Megan and Ioannou, Yani and Osborn, Hugh P and Sasdelli, Michele and Smith, Jeffrey C and Caldwell, Douglas and Jenkins, Jon M and R{\"a}issi, Chedy and Angerhausen, Daniel and others},
  journal={The Astrophysical Journal Letters},
  volume={869},
  number={1},
  pages={L7},
  year={2018},
  publisher={IOP Publishing}
}

@article{osborn2020rapid,
  title={Rapid classification of TESS planet candidates with convolutional neural networks},
  author={Osborn, Hugh P and Ansdell, Megan and Ioannou, Yani and Sasdelli, Michele and Angerhausen, Daniel and Caldwell, D and Jenkins, Jon M and R{\"a}issi, Chedy and Smith, Jeffrey C},
  journal={Astronomy \& Astrophysics},
  volume={633},
  pages={A53},
  year={2020},
  publisher={EDP Sciences}
}
